@article{scwo17,
  title   = {Proximal policy optimization algorithms},
  author  = {Schulman, John and Wolski, Filip and Dhariwal, Prafulla and Radford, Alec and Klimov, Oleg},
  journal = {arXiv preprint arXiv:1707.06347},
  year    = {2017}
}

@book{suba18,
  title     = {Reinforcement learning: An introduction},
  author    = {Sutton, Richard S and Barto, Andrew G},
  year      = {2018},
  publisher = {MIT press}
}